<?xml version="1.0" encoding="UTF-8"?>
<!DOCTYPE html PUBLIC "-//W3C//DTD XHTML 1.0 Transitional//EN"
    "http://www.w3.org/TR/xhtml1/DTD/xhtml1-transitional.dtd">
<html xmlns="http://www.w3.org/1999/xhtml" xml:lang="en" lang="en">
 <head>
  <title>
</title>
<meta http-equiv="Content-Type" content="text/html;charset=utf-8" />
  <meta name='ocr-system' content='tesseract 3.04.00' />
  <meta name='ocr-capabilities' content='ocr_page ocr_carea ocr_par ocr_line ocrx_word'/>
</head>
<body>
  <div class='ocr_page' id='page_1' title='image "./viaadpacemeccle00unkngoog_0035.png"; bbox 0 0 2020 3264; ppageno 0'>
   <div class='ocr_carea' id='block_1_1' title="bbox 1 13 932 2980">
    <p class='ocr_par' dir='ltr' id='par_1_1' title="bbox 1 13 880 764">
     <span class='ocr_line' id='line_1_1' title="bbox 231 13 874 92; baseline -0.009 -13.45"><span class='ocrx_word' id='word_1_1' title='bbox 231 13 683 75; x_wconf 58' lang='lat' dir='ltr'>‘&#39;P&#39;R&#39;AE&#39;C&#39;Hvi.</span> <span class='ocrx_word' id='word_1_2' title='bbox 826 37 874 92; x_wconf 60' lang='grc' dir='ltr'>«η</span> 
     </span>
     <span class='ocr_line' id='line_1_2' title="bbox 13 88 880 190; baseline 0.008 -33"><span class='ocrx_word' id='word_1_3' title='bbox 13 135 24 148; x_wconf 84' lang='lat'><strong>·</strong></span> <span class='ocrx_word' id='word_1_4' title='bbox 58 88 371 190; x_wconf 59' lang='lat' dir='ltr'>rplura‘niiiaserpant</span> <span class='ocrx_word' id='word_1_5' title='bbox 388 100 419 162; x_wconf 86' lang='lat' dir='ltr'>in</span> <span class='ocrx_word' id='word_1_6' title='bbox 440 97 644 168; x_wconf 77' lang='lat' dir='ltr'><strong>Germaniam.</strong></span> <span class='ocrx_word' id='word_1_7' title='bbox 659 98 769 164; x_wconf 78' lang='lat' dir='ltr'>¹Porro</span> <span class='ocrx_word' id='word_1_8' title='bbox 791 97 880 184; x_wconf 73' lang='lat' dir='ltr'>Deus</span> 
     </span>
     <span class='ocr_line' id='line_1_3' title="bbox 1 179 877 266; baseline 0.01 -27"><span class='ocrx_word' id='word_1_9' title='bbox 1 216 3 222; x_wconf 32' lang='grc' dir='ltr'><em>ν</em></span> <span class='ocrx_word' id='word_1_10' title='bbox 73 181 196 244; x_wconf 81' lang='lat' dir='ltr'>instituit</span> <span class='ocrx_word' id='word_1_11' title='bbox 207 183 399 266; x_wconf 83' lang='lat' dir='ltr'>conjugium,</span> <span class='ocrx_word' id='word_1_12' title='bbox 414 199 447 242; x_wconf 92' lang='lat' dir='ltr'>ut</span> <span class='ocrx_word' id='word_1_13' title='bbox 460 179 529 244; x_wconf 82' lang='lat' dir='ltr'>effer</span> <span class='ocrx_word' id='word_1_14' title='bbox 552 182 724 251; x_wconf 69' lang='lat' dir='ltr'>remedium</span> <span class='ocrx_word' id='word_1_15' title='bbox 738 183 877 248; x_wconf 61' lang='lat' dir='ltr'>«humane</span> 
     </span>
     <span class='ocr_line' id='line_1_4' title="bbox 72 261 876 358; baseline 0.007 -34"><span class='ocrx_word' id='word_1_16' title='bbox 72 261 496 358; x_wconf 81' lang='lat' dir='ltr'>infirmitatis..lps1Canoues</span> <span class='ocrx_word' id='word_1_17' title='bbox 517 279 652 328; x_wconf 86' lang='lat' dir='ltr'>veterem</span> <span class='ocrx_word' id='word_1_18' title='bbox 674 266 808 348; x_wconf 85' lang='lat' dir='ltr'>rigorem</span> <span class='ocrx_word' id='word_1_19' title='bbox 829 269 876 330; x_wconf 88' lang='lat' dir='ltr'>in·</span> 
     </span>
     <span class='ocr_line' id='line_1_5' title="bbox 74 345 874 430; baseline 0.01 -24"><span class='ocrx_word' id='word_1_20' title='bbox 74 345 198 407; x_wconf 89' lang='lat' dir='ltr'>terdurn</span> <span class='ocrx_word' id='word_1_21' title='bbox 208 345 618 430; x_wconf 74' lang='lat' dir='ltr'>posterioribusuetnporibus</span> <span class='ocrx_word' id='word_1_22' title='bbox 628 365 753 430; x_wconf 84' lang='lat' dir='ltr'>propter</span> <span class='ocrx_word' id='word_1_23' title='bbox 774 348 874 414; x_wconf 84' lang='lat' dir='ltr'>imbe-</span> 
     </span>
     <span class='ocr_line' id='line_1_6' title="bbox 72 426 873 516; baseline 0.007 -26"><span class='ocrx_word' id='word_1_24' title='bbox 72 426 231 503; x_wconf 73' lang='lat' dir='ltr'>cillitatem</span> <span class='ocrx_word' id='word_1_25' title='bbox 242 431 400 494; x_wconf 85' lang='lat' dir='ltr'>hominum</span> <span class='ocrx_word' id='word_1_26' title='bbox 411 428 574 491; x_wconf 77' lang='lat' dir='ltr'>laxandum</span> <span class='ocrx_word' id='word_1_27' title='bbox 586 429 642 492; x_wconf 82' lang='lat' dir='ltr'>effe</span> <span class='ocrx_word' id='word_1_28' title='bbox 652 429 755 493; x_wconf 88' lang='lat' dir='ltr'>dicunt</span> <span class='ocrx_word' id='word_1_29' title='bbox 767 479 776 504; x_wconf 90' lang='lat'>,</span> <span class='ocrx_word' id='word_1_30' title='bbox 786 430 873 516; x_wconf 81' lang='lat' dir='ltr'>quod</span> 
     </span>
     <span class='ocr_line' id='line_1_7' title="bbox 8 509 872 596; baseline 0.01 -27"><span class='ocrx_word' id='word_1_31' title='bbox 8 541 10 544; x_wconf 95' lang='lat'>·</span> <span class='ocrx_word' id='word_1_32' title='bbox 73 509 240 590; x_wconf 86' lang='lat' dir='ltr'>optandum</span> <span class='ocrx_word' id='word_1_33' title='bbox 250 512 310 584; x_wconf 78' lang='lat' dir='ltr'>est,</span> <span class='ocrx_word' id='word_1_34' title='bbox 332 512 435 584; x_wconf 79' lang='lat' dir='ltr'>ut-&#39;fiat</span> <span class='ocrx_word' id='word_1_35' title='bbox 448 513 481 573; x_wconf 76' lang='grc' dir='ltr'>δι</span> <span class='ocrx_word' id='word_1_36' title='bbox 497 513 748 596; x_wconf 82' lang='lat' dir='ltr'>inhocnegotio.</span> <span class='ocrx_word' id='word_1_37' title='bbox 771 514 872 581; x_wconf 87' lang='lat' dir='ltr'>Acvi-</span> 
     </span>
     <span class='ocr_line' id='line_1_8' title="bbox 73 590 872 682; baseline 0.008 -29"><span class='ocrx_word' id='word_1_38' title='bbox 73 591 186 656; x_wconf 86' lang='lat' dir='ltr'>deutur</span> <span class='ocrx_word' id='word_1_39' title='bbox 202 595 338 676; x_wconf 72' lang='lat' dir='ltr'>Ecclesris</span> <span class='ocrx_word' id='word_1_40' title='bbox 359 593 519 679; x_wconf 87' lang='lat' dir='ltr'>aliquando</span> <span class='ocrx_word' id='word_1_41' title='bbox 532 590 668 660; x_wconf 85' lang='lat' dir='ltr'>defuturi</span> <span class='ocrx_word' id='word_1_42' title='bbox 688 595 872 682; x_wconf 72' lang='lat' dir='ltr'>pastore8,.fi</span> 
     </span>
     <span class='ocr_line' id='line_1_9' title="bbox 60 672 852 764; baseline 0.009 -28"><span class='ocrx_word' id='word_1_43' title='bbox 60 672 590 764; x_wconf 72' lang='lat' dir='ltr'>“diutiusprohibearurconjugium.</span> <span class='ocrx_word' id='word_1_44' title='bbox 755 749 758 758; x_wconf 20' lang='grc' dir='ltr'><strong>Α</strong></span> <span class='ocrx_word' id='word_1_45' title='bbox 847 677 852 686; x_wconf 86' lang='grc'><strong>’</strong></span> 
     </span>
    </p>

    <p class='ocr_par' dir='ltr' id='par_1_2' title="bbox 14 755 932 2086">
     <span class='ocr_line' id='line_1_10' title="bbox 118 755 867 837; baseline 0.007 -14"><span class='ocrx_word' id='word_1_46' title='bbox 118 755 201 836; x_wconf 85' lang='lat' dir='ltr'>Curn</span> <span class='ocrx_word' id='word_1_47' title='bbox 221 773 323 825; x_wconf 85' lang='lat' dir='ltr'>autern</span> <span class='ocrx_word' id='word_1_48' title='bbox 343 781 428 824; x_wconf 77' lang='lat' dir='ltr'>extet</span> <span class='ocrx_word' id='word_1_49' title='bbox 444 762 620 833; x_wconf 85' lang='lat' dir='ltr'>mandatum</span> <span class='ocrx_word' id='word_1_50' title='bbox 632 757 703 837; x_wconf 87' lang='lat' dir='ltr'>Dei,</span> <span class='ocrx_word' id='word_1_51' title='bbox 715 779 784 826; x_wconf 83' lang='lat' dir='ltr'>cum</span> <span class='ocrx_word' id='word_1_52' title='bbox 796 777 867 828; x_wconf 82' lang='lat' dir='ltr'>ntus</span> 
     </span>
     <span class='ocr_line' id='line_1_11' title="bbox 14 839 871 930; baseline 0.005 -26"><span class='ocrx_word' id='word_1_53' title='bbox 14 901 18 912; x_wconf 69' lang='grc'>,</span> <span class='ocrx_word' id='word_1_54' title='bbox 69 839 207 906; x_wconf 82' lang='lat' dir='ltr'>Ecclefiat</span> <span class='ocrx_word' id='word_1_55' title='bbox 217 841 307 907; x_wconf 87' lang='lat' dir='ltr'>notus</span> <span class='ocrx_word' id='word_1_56' title='bbox 315 844 357 916; x_wconf 83' lang='lat' dir='ltr'>fit,</span> <span class='ocrx_word' id='word_1_57' title='bbox 370 863 439 906; x_wconf 90' lang='lat' dir='ltr'>cum</span> <span class='ocrx_word' id='word_1_58' title='bbox 450 845 585 926; x_wconf 85' lang='lat' dir='ltr'>impurus</span> <span class='ocrx_word' id='word_1_59' title='bbox 596 845 755 910; x_wconf 72' lang='lat' dir='ltr'>coelibatus</span> <span class='ocrx_word' id='word_1_60' title='bbox 775 847 871 930; x_wconf 66' lang='lat' dir='ltr'>pluri-</span> 
     </span>
     <span class='ocr_line' id='line_1_12' title="bbox 61 925 867 1008; baseline 0.009 -21"><span class='ocrx_word' id='word_1_61' title='bbox 61 943 125 987; x_wconf 87' lang='lat' dir='ltr'>·ma</span> <span class='ocrx_word' id='word_1_62' title='bbox 134 928 229 1008; x_wconf 89' lang='lat' dir='ltr'>pariat</span> <span class='ocrx_word' id='word_1_63' title='bbox 241 925 385 1002; x_wconf 85' lang='lat' dir='ltr'>scandala,</span> <span class='ocrx_word' id='word_1_64' title='bbox 402 925 558 1007; x_wconf 76' lang='lat' dir='ltr'>adulteria,</span> <span class='ocrx_word' id='word_1_65' title='bbox 567 930 602 990; x_wconf 40' lang='lat'>1&amp;</span> <span class='ocrx_word' id='word_1_66' title='bbox 613 928 670 991; x_wconf 83' lang='lat' dir='ltr'>alia</span> <span class='ocrx_word' id='word_1_67' title='bbox 680 928 787 993; x_wconf 83' lang='lat' dir='ltr'>scelera</span> <span class='ocrx_word' id='word_1_68' title='bbox 800 977 808 1005; x_wconf 93' lang='lat'>,</span> <span class='ocrx_word' id='word_1_69' title='bbox 819 930 867 994; x_wconf 83' lang='lat' dir='ltr'>di-</span> 
     </span>
     <span class='ocr_line' id='line_1_13' title="bbox 69 1008 868 1097; baseline 0.011 -30"><span class='ocrx_word' id='word_1_70' title='bbox 69 1027 131 1092; x_wconf 87' lang='lat' dir='ltr'>gna</span> <span class='ocrx_word' id='word_1_71' title='bbox 141 1009 393 1074; x_wconf 79' lang='lat' dir='ltr'>animadverfione</span> <span class='ocrx_word' id='word_1_72' title='bbox 403 1008 475 1072; x_wconf 89' lang='lat' dir='ltr'>boni</span> <span class='ocrx_word' id='word_1_73' title='bbox 485 1009 799 1097; x_wconf 78' lang='lat' dir='ltr'>magistratusttamen</span> <span class='ocrx_word' id='word_1_74' title='bbox 808 1013 868 1076; x_wconf 84' lang='lat' dir='ltr'>rni-</span> 
     </span>
     <span class='ocr_line' id='line_1_14' title="bbox 68 1090 866 1172; baseline 0.008 -20"><span class='ocrx_word' id='word_1_75' title='bbox 68 1095 139 1152; x_wconf 83' lang='lat' dir='ltr'>rum</span> <span class='ocrx_word' id='word_1_76' title='bbox 150 1090 199 1164; x_wconf 83' lang='lat' dir='ltr'>est,</span> <span class='ocrx_word' id='word_1_77' title='bbox 212 1092 292 1154; x_wconf 89' lang='lat' dir='ltr'>nulla</span> <span class='ocrx_word' id='word_1_78' title='bbox 302 1094 332 1155; x_wconf 92' lang='lat' dir='ltr'>in</span> <span class='ocrx_word' id='word_1_79' title='bbox 342 1093 540 1172; x_wconf 85' lang='lat' dir='ltr'>remajorem</span> <span class='ocrx_word' id='word_1_80' title='bbox 562 1097 696 1156; x_wconf 81' lang='lat' dir='ltr'>exerceri</span> <span class='ocrx_word' id='word_1_81' title='bbox 711 1094 866 1172; x_wconf 77' lang='lat' dir='ltr'>satiriani,</span> 
     </span>
     <span class='ocr_line' id='line_1_15' title="bbox 68 1173 877 1258; baseline 0.011 -23"><span class='ocrx_word' id='word_1_82' title='bbox 68 1184 163 1255; x_wconf 79' lang='lat' dir='ltr'>quarn</span> <span class='ocrx_word' id='word_1_83' title='bbox 183 1175 323 1238; x_wconf 85' lang='lat' dir='ltr'>adversus</span> <span class='ocrx_word' id='word_1_84' title='bbox 342 1176 516 1258; x_wconf 82' lang='lat' dir='ltr'>conjugium</span> <span class='ocrx_word' id='word_1_85' title='bbox 541 1173 753 1240; x_wconf 85' lang='lat' dir='ltr'>Sacerdorum.</span> <span class='ocrx_word' id='word_1_86' title='bbox 778 1178 877 1244; x_wconf 51' lang='grc' dir='ltr'>θεοῦ</span> 
     </span>
     <span class='ocr_line' id='line_1_16' title="bbox 67 1256 923 1346; baseline 0.012 -30"><span class='ocrx_word' id='word_1_87' title='bbox 67 1257 201 1340; x_wconf 77' lang='lat' dir='ltr'>praecipit</span> <span class='ocrx_word' id='word_1_88' title='bbox 213 1257 329 1320; x_wconf 79' lang='lat' dir='ltr'>honore</span> <span class='ocrx_word' id='word_1_89' title='bbox 340 1256 653 1342; x_wconf 67' lang='lat' dir='ltr'>afficereconjugiurna</span> <span class='ocrx_word' id='word_1_90' title='bbox 672 1256 769 1346; x_wconf 83' lang='lat' dir='ltr'><strong>Leges</strong></span> <span class='ocrx_word' id='word_1_91' title='bbox 788 1261 818 1322; x_wconf 92' lang='lat' dir='ltr'>in</span> <span class='ocrx_word' id='word_1_92' title='bbox 830 1282 867 1325; x_wconf 90' lang='lat' dir='ltr'>o·</span> <span class='ocrx_word' id='word_1_93' title='bbox 911 1271 923 1280; x_wconf 74' lang='grc'>“</span> 
     </span>
     <span class='ocr_line' id='line_1_17' title="bbox 67 1337 901 1424; baseline 0.007 -24"><span class='ocrx_word' id='word_1_94' title='bbox 67 1337 191 1400; x_wconf 81' lang='lat' dir='ltr'>&#39;mnibus</span> <span class='ocrx_word' id='word_1_95' title='bbox 202 1337 430 1424; x_wconf 85' lang='lat' dir='ltr'>Rebuspublicis</span> <span class='ocrx_word' id='word_1_96' title='bbox 441 1337 518 1401; x_wconf 86' lang='lat' dir='ltr'>bene</span> <span class='ocrx_word' id='word_1_97' title='bbox 528 1339 712 1414; x_wconf 84' lang='lat' dir='ltr'>constitutis,</span> <span class='ocrx_word' id='word_1_98' title='bbox 731 1342 821 1404; x_wconf 86' lang='lat' dir='ltr'>etiarn</span> <span class='ocrx_word' id='word_1_99' title='bbox 833 1365 866 1406; x_wconf 75' lang='lat' dir='ltr'>a·</span> <span class='ocrx_word' id='word_1_100' title='bbox 899 1388 901 1394; x_wconf 29' lang='lat' dir='ltr'>r</span> 
     </span>
     <span class='ocr_line' id='line_1_18' title="bbox 57 1421 866 1504; baseline 0.015 -22"><span class='ocrx_word' id='word_1_101' title='bbox 57 1421 134 1504; x_wconf 86' lang='lat' dir='ltr'>¹pud</span> <span class='ocrx_word' id='word_1_102' title='bbox 147 1421 303 1496; x_wconf 86' lang='lat' dir='ltr'>Ethnicos,</span> <span class='ocrx_word' id='word_1_103' title='bbox 323 1424 464 1486; x_wconf 83' lang='lat' dir='ltr'>maximis</span> <span class='ocrx_word' id='word_1_104' title='bbox 484 1423 652 1486; x_wconf 87' lang='lat' dir='ltr'>honoribus</span> <span class='ocrx_word' id='word_1_105' title='bbox 672 1443 866 1494; x_wconf 75' lang='lat' dir='ltr'>ornaverunt·-</span> 
     </span>
     <span class='ocr_line' id='line_1_19' title="bbox 70 1505 932 1592; baseline 0.01 -27"><span class='ocrx_word' id='word_1_106' title='bbox 70 1505 114 1566; x_wconf 88' lang='lat' dir='ltr'>At</span> <span class='ocrx_word' id='word_1_107' title='bbox 123 1525 200 1568; x_wconf 89' lang='lat' dir='ltr'>nunc</span> <span class='ocrx_word' id='word_1_108' title='bbox 211 1505 385 1590; x_wconf 83' lang='lat' dir='ltr'>capitalibus</span> <span class='ocrx_word' id='word_1_109' title='bbox 395 1506 489 1590; x_wconf 85' lang='lat' dir='ltr'>poenis</span> <span class='ocrx_word' id='word_1_110' title='bbox 504 1506 734 1580; x_wconf 78' lang='lat' dir='ltr'>excruciantur,</span> <span class='ocrx_word' id='word_1_111' title='bbox 756 1509 867 1592; x_wconf 86' lang='lat' dir='ltr'>&amp;qui-</span> <span class='ocrx_word' id='word_1_112' title='bbox 929 1512 932 1516; x_wconf 78' lang='grc'><strong>’</strong></span> 
     </span>
     <span class='ocr_line' id='line_1_20' title="bbox 70 1585 866 1669; baseline 0.009 -21"><span class='ocrx_word' id='word_1_113' title='bbox 70 1585 144 1649; x_wconf 86' lang='lat' dir='ltr'>dem</span> <span class='ocrx_word' id='word_1_114' title='bbox 157 1585 339 1654; x_wconf 85' lang='lat' dir='ltr'>Sacerdotes</span> <span class='ocrx_word' id='word_1_115' title='bbox 359 1609 463 1652; x_wconf 89' lang='lat' dir='ltr'>contra</span> <span class='ocrx_word' id='word_1_116' title='bbox 485 1585 645 1654; x_wconf 86' lang='lat' dir='ltr'>Canonurn</span> <span class='ocrx_word' id='word_1_117' title='bbox 665 1589 866 1669; x_wconf 70' lang='lat' dir='ltr'>veluntatem,</span> 
     </span>
     <span class='ocr_line' id='line_1_21' title="bbox 66 1669 914 1762; baseline 0.008 -30"><span class='ocrx_word' id='word_1_118' title='bbox 66 1669 181 1733; x_wconf 77' lang='lat' dir='ltr'>nullam</span> <span class='ocrx_word' id='word_1_119' title='bbox 191 1671 279 1735; x_wconf 80' lang='lat' dir='ltr'>aliam</span> <span class='ocrx_word' id='word_1_120' title='bbox 289 1671 332 1746; x_wconf 86' lang='lat' dir='ltr'>ob</span> <span class='ocrx_word' id='word_1_121' title='bbox 341 1673 468 1745; x_wconf 83' lang='lat' dir='ltr'>causant,</span> <span class='ocrx_word' id='word_1_122' title='bbox 482 1671 531 1734; x_wconf 86' lang='lat' dir='ltr'>nifi</span> <span class='ocrx_word' id='word_1_123' title='bbox 542 1691 665 1756; x_wconf 87' lang='lat' dir='ltr'>propter</span> <span class='ocrx_word' id='word_1_124' title='bbox 674 1673 861 1762; x_wconf 78' lang='lat' dir='ltr'>conjugium,</span> <span class='ocrx_word' id='word_1_125' title='bbox 913 1694 914 1699; x_wconf 74' lang='grc'>’</span> 
     </span>
     <span class='ocr_line' id='line_1_22' title="bbox 66 1749 866 1840; baseline 0.009 -25"><span class='ocrx_word' id='word_1_126' title='bbox 66 1749 182 1815; x_wconf 87' lang='lat' dir='ltr'>Paulus</span> <span class='ocrx_word' id='word_1_127' title='bbox 193 1771 280 1818; x_wconf 78' lang='lat' dir='ltr'>vocat</span> <span class='ocrx_word' id='word_1_128' title='bbox 290 1755 457 1819; x_wconf 74' lang='lat' dir='ltr'>doctrinam</span> <span class='ocrx_word' id='word_1_129' title='bbox 470 1753 685 1818; x_wconf 74' lang='lat' dir='ltr'>danmoniorum</span> <span class='ocrx_word' id='word_1_130' title='bbox 698 1777 780 1839; x_wconf 48' lang='lat' dir='ltr'>sque</span> <span class='ocrx_word' id='word_1_131' title='bbox 792 1775 866 1840; x_wconf 85' lang='lat' dir='ltr'>pro·</span> 
     </span>
     <span class='ocr_line' id='line_1_23' title="bbox 66 1833 920 1922; baseline 0.009 -26"><span class='ocrx_word' id='word_1_132' title='bbox 66 1833 155 1904; x_wconf 81' lang='lat' dir='ltr'>hibet</span> <span class='ocrx_word' id='word_1_133' title='bbox 167 1839 351 1922; x_wconf 79' lang='lat' dir='ltr'>conjugium,</span> <span class='ocrx_word' id='word_1_134' title='bbox 366 1835 478 1913; x_wconf 22' lang='lat' dir='ltr'>1⁴Tnn.</span> <span class='ocrx_word' id='word_1_135' title='bbox 490 1853 524 1920; x_wconf 83' lang='lat'>4.</span> <span class='ocrx_word' id='word_1_136' title='bbox 541 1837 580 1898; x_wconf 89' lang='lat' dir='ltr'>Id</span> <span class='ocrx_word' id='word_1_137' title='bbox 591 1837 678 1901; x_wconf 86' lang='lat' dir='ltr'>facile</span> <span class='ocrx_word' id='word_1_138' title='bbox 689 1841 863 1903; x_wconf 68' lang='lat' dir='ltr'>nunci&#39;ntel&#39;·</span> <span class='ocrx_word' id='word_1_139' title='bbox 916 1848 920 1858; x_wconf 81' lang='grc'><em>“</em></span> 
     </span>
     <span class='ocr_line' id='line_1_24' title="bbox 65 1917 863 2006; baseline 0.011 -26"><span class='ocrx_word' id='word_1_140' title='bbox 65 1917 123 2003; x_wconf 85' lang='lat' dir='ltr'>ligi</span> <span class='ocrx_word' id='word_1_141' title='bbox 135 1919 239 1998; x_wconf 83' lang='lat' dir='ltr'>potest,</span> <span class='ocrx_word' id='word_1_142' title='bbox 254 1939 322 1982; x_wconf 88' lang='lat' dir='ltr'>cum</span> <span class='ocrx_word' id='word_1_143' title='bbox 332 1919 443 1984; x_wconf 82' lang='lat' dir='ltr'>talibus</span> <span class='ocrx_word' id='word_1_144' title='bbox 453 1917 599 2004; x_wconf 77' lang='lat' dir='ltr'>suppliciis</span> <span class='ocrx_word' id='word_1_145' title='bbox 614 1920 779 2006; x_wconf 84' lang='lat' dir='ltr'>prohibitio</span> <span class='ocrx_word' id='word_1_146' title='bbox 789 1943 863 1989; x_wconf 62' lang='lat' dir='ltr'>tou*</span> 
     </span>
     <span class='ocr_line' id='line_1_25' title="bbox 64 1999 337 2086; baseline 0.007 -24"><span class='ocrx_word' id='word_1_147' title='bbox 64 2002 141 2086; x_wconf 79' lang='lat' dir='ltr'>jugii</span> <span class='ocrx_word' id='word_1_148' title='bbox 152 1999 337 2064; x_wconf 86' lang='lat' dir='ltr'>defenditur.</span> 
     </span>
    </p>

    <p class='ocr_par' dir='ltr' id='par_1_3' title="bbox 40 2081 864 2980">
     <span class='ocr_line' id='line_1_26' title="bbox 113 2081 862 2168; baseline 0.008 -22"><span class='ocrx_word' id='word_1_149' title='bbox 113 2081 310 2146; x_wconf 84' lang='lat' dir='ltr'>Sicutantern</span> <span class='ocrx_word' id='word_1_150' title='bbox 319 2083 398 2147; x_wconf 84' lang='lat' dir='ltr'>nulla</span> <span class='ocrx_word' id='word_1_151' title='bbox 407 2083 456 2148; x_wconf 84' lang='lat' dir='ltr'>lex</span> <span class='ocrx_word' id='word_1_152' title='bbox 475 2084 603 2150; x_wconf 84' lang='lat' dir='ltr'>humana</span> <span class='ocrx_word' id='word_1_153' title='bbox 621 2083 717 2168; x_wconf 81' lang='lat' dir='ltr'>potest</span> <span class='ocrx_word' id='word_1_154' title='bbox 737 2085 862 2152; x_wconf 75' lang='lat' dir='ltr'>manda-</span> 
     </span>
     <span class='ocr_line' id='line_1_27' title="bbox 66 2160 861 2250; baseline 0.005 -20"><span class='ocrx_word' id='word_1_155' title='bbox 66 2160 136 2231; x_wconf 70' lang='lat' dir='ltr'>tum‘</span> <span class='ocrx_word' id='word_1_156' title='bbox 159 2165 217 2229; x_wconf 84' lang='lat' dir='ltr'>Dei</span> <span class='ocrx_word' id='word_1_157' title='bbox 238 2160 364 2238; x_wconf 80' lang='lat' dir='ltr'>tollere,</span> <span class='ocrx_word' id='word_1_158' title='bbox 384 2169 426 2230; x_wconf 85' lang='lat' dir='ltr'>ita</span> <span class='ocrx_word' id='word_1_159' title='bbox 444 2189 498 2232; x_wconf 89' lang='lat' dir='ltr'>nec</span> <span class='ocrx_word' id='word_1_160' title='bbox 518 2188 625 2231; x_wconf 80' lang='lat' dir='ltr'>uotum</span> <span class='ocrx_word' id='word_1_161' title='bbox 646 2168 861 2250; x_wconf 81' lang='lat' dir='ltr'>poten-tollere</span> 
     </span>
     <span class='ocr_line' id='line_1_28' title="bbox 67 2248 864 2334; baseline 0.005 -23"><span class='ocrx_word' id='word_1_162' title='bbox 67 2248 245 2323; x_wconf 81' lang='lat' dir='ltr'>mandatum</span> <span class='ocrx_word' id='word_1_163' title='bbox 259 2251 331 2315; x_wconf 86' lang='lat' dir='ltr'>Dei.</span> <span class='ocrx_word' id='word_1_164' title='bbox 353 2249 484 2316; x_wconf 89' lang='lat' dir='ltr'>Proinde</span> <span class='ocrx_word' id='word_1_165' title='bbox 506 2252 597 2314; x_wconf 83' lang='lat' dir='ltr'>etiam</span> <span class='ocrx_word' id='word_1_166' title='bbox 610 2248 778 2334; x_wconf 84' lang='lat' dir='ltr'>Cyprianus</span> <span class='ocrx_word' id='word_1_167' title='bbox 798 2253 864 2332; x_wconf 80' lang='lat' dir='ltr'>sua·</span> 
     </span>
     <span class='ocr_line' id='line_1_29' title="bbox 69 2329 863 2419; baseline 0.009 -27"><span class='ocrx_word' id='word_1_168' title='bbox 69 2329 135 2405; x_wconf 87' lang='lat' dir='ltr'>det,</span> <span class='ocrx_word' id='word_1_169' title='bbox 148 2351 180 2396; x_wconf 90' lang='lat' dir='ltr'>ut</span> <span class='ocrx_word' id='word_1_170' title='bbox 192 2333 332 2398; x_wconf 82' lang='lat' dir='ltr'>mulieres</span> <span class='ocrx_word' id='word_1_171' title='bbox 343 2334 462 2397; x_wconf 69' lang='lat' dir='ltr'>nubant,</span> <span class='ocrx_word' id='word_1_172' title='bbox 472 2355 601 2419; x_wconf 79' lang='lat' dir='ltr'>quanon</span> <span class='ocrx_word' id='word_1_173' title='bbox 611 2332 863 2418; x_wconf 82' lang='lat' dir='ltr'>servanr&#39;pronris-</span> 
     </span>
     <span class='ocr_line' id='line_1_30' title="bbox 68 2411 859 2502; baseline 0.008 -28"><span class='ocrx_word' id='word_1_174' title='bbox 68 2411 128 2476; x_wconf 86' lang='lat' dir='ltr'>sam</span> <span class='ocrx_word' id='word_1_175' title='bbox 140 2415 314 2480; x_wconf 81' lang='lat' dir='ltr'>castitatem.</span> <span class='ocrx_word' id='word_1_176' title='bbox 333 2414 435 2482; x_wconf 87' lang='lat' dir='ltr'>Verba</span> <span class='ocrx_word' id='word_1_177' title='bbox 446 2417 508 2494; x_wconf 87' lang='lat' dir='ltr'>ejus</span> <span class='ocrx_word' id='word_1_178' title='bbox 518 2418 583 2480; x_wconf 85' lang='lat' dir='ltr'>sunt</span> <span class='ocrx_word' id='word_1_179' title='bbox 591 2417 662 2488; x_wconf 81' lang='lat' dir='ltr'>hac,</span> <span class='ocrx_word' id='word_1_180' title='bbox 678 2415 728 2478; x_wconf 87' lang='lat' dir='ltr'>lib.</span> <span class='ocrx_word' id='word_1_181' title='bbox 745 2435 774 2487; x_wconf 93' lang='lat'>1,</span> <span class='ocrx_word' id='word_1_182' title='bbox 796 2420 859 2502; x_wconf 79' lang='lat' dir='ltr'>epi-</span> 
     </span>
     <span class='ocr_line' id='line_1_31' title="bbox 70 2493 861 2584; baseline 0.008 -26"><span class='ocrx_word' id='word_1_183' title='bbox 70 2493 214 2562; x_wconf 71' lang='lat' dir='ltr'>stolarii:</span> <span class='ocrx_word' id='word_1_184' title='bbox 239 2497 271 2562; x_wconf 74' lang='lat' dir='ltr'>Si</span> <span class='ocrx_word' id='word_1_185' title='bbox 282 2511 381 2561; x_wconf 84' lang='lat' dir='ltr'>autem</span> <span class='ocrx_word' id='word_1_186' title='bbox 392 2499 580 2584; x_wconf 79' lang='lat' dir='ltr'>perseverate</span> <span class='ocrx_word' id='word_1_187' title='bbox 589 2498 712 2584; x_wconf 76' lang='lat' dir='ltr'>nolunt,</span> <span class='ocrx_word' id='word_1_188' title='bbox 727 2517 779 2560; x_wconf 88' lang='lat' dir='ltr'>aut</span> <span class='ocrx_word' id='word_1_189' title='bbox 798 2513 861 2572; x_wconf 84' lang='lat' dir='ltr'>nou&#39;</span> 
     </span>
     <span class='ocr_line' id='line_1_32' title="bbox 69 2577 856 2665; baseline 0.013 -27"><span class='ocrx_word' id='word_1_190' title='bbox 69 2577 193 2660; x_wconf 74' lang='lat' dir='ltr'>possunt,</span> <span class='ocrx_word' id='word_1_191' title='bbox 205 2583 313 2644; x_wconf 85' lang='lat' dir='ltr'>melius</span> <span class='ocrx_word' id='word_1_192' title='bbox 324 2581 374 2654; x_wconf 83' lang='lat' dir='ltr'>est,</span> <span class='ocrx_word' id='word_1_193' title='bbox 386 2595 419 2644; x_wconf 88' lang='lat' dir='ltr'>ut</span> <span class='ocrx_word' id='word_1_194' title='bbox 430 2579 540 2643; x_wconf 87' lang='lat' dir='ltr'>nubant</span> <span class='ocrx_word' id='word_1_195' title='bbox 551 2629 558 2652; x_wconf 88' lang='lat'>‚</span> <span class='ocrx_word' id='word_1_196' title='bbox 570 2598 659 2662; x_wconf 81' lang='lat' dir='ltr'>quant</span> <span class='ocrx_word' id='word_1_197' title='bbox 671 2591 704 2643; x_wconf 79' lang='lat' dir='ltr'>ut</span> <span class='ocrx_word' id='word_1_198' title='bbox 714 2583 744 2642; x_wconf 88' lang='lat' dir='ltr'>in</span> <span class='ocrx_word' id='word_1_199' title='bbox 754 2583 856 2665; x_wconf 81' lang='lat' dir='ltr'>ignem</span> 
     </span>
     <span class='ocr_line' id='line_1_33' title="bbox 69 2659 861 2739; baseline 0.013 -19"><span class='ocrx_word' id='word_1_200' title='bbox 69 2659 861 2739; x_wconf 64' lang='lat' dir='ltr'>de&#39;liciissniscadant‚cerrenuilunrfratribusautso-¹</span> 
     </span>
     <span class='ocr_line' id='line_1_34' title="bbox 66 2741 858 2830; baseline 0.006 -22"><span class='ocrx_word' id='word_1_201' title='bbox 66 2741 189 2808; x_wconf 84' lang='lat' dir='ltr'>roribus</span> <span class='ocrx_word' id='word_1_202' title='bbox 202 2747 370 2810; x_wconf 87' lang='lat' dir='ltr'>scandalum</span> <span class='ocrx_word' id='word_1_203' title='bbox 382 2745 501 2811; x_wconf 85' lang='lat' dir='ltr'>faciant.</span> <span class='ocrx_word' id='word_1_204' title='bbox 523 2746 562 2808; x_wconf 86' lang='lat' dir='ltr'>Et</span> <span class='ocrx_word' id='word_1_205' title='bbox 581 2747 858 2830; x_wconf 81' lang='lat' dir='ltr'>aquiratequadam</span> 
     </span>
     <span class='ocr_line' id='line_1_35' title="bbox 65 2827 859 2920; baseline 0.005 -30"><span class='ocrx_word' id='word_1_206' title='bbox 65 2837 194 2918; x_wconf 84' lang='lat' dir='ltr'>utuntur</span> <span class='ocrx_word' id='word_1_207' title='bbox 201 2828 250 2914; x_wconf 80' lang='lat' dir='ltr'>ipu</span> <span class='ocrx_word' id='word_1_208' title='bbox 260 2827 483 2920; x_wconf 82' lang='lat' dir='ltr'>Canoneserga</span> <span class='ocrx_word' id='word_1_209' title='bbox 493 2831 564 2903; x_wconf 69' lang='lat' dir='ltr'>hoa.</span> <span class='ocrx_word' id='word_1_210' title='bbox 582 2831 652 2914; x_wconf 72' lang='lat' dir='ltr'>qui·</span> <span class='ocrx_word' id='word_1_211' title='bbox 663 2831 859 2910; x_wconf 75' lang='lat' dir='ltr'>antejustnrn</span> 
     </span>
     <span class='ocr_line' id='line_1_36' title="bbox 40 2921 860 2980; baseline 0.002 -8"><span class='ocrx_word' id='word_1_212' title='bbox 40 2921 41 2926; x_wconf 76' lang='grc'>’</span> <span class='ocrx_word' id='word_1_213' title='bbox 506 2967 507 2972; x_wconf 70' lang='grc'>,</span> <span class='ocrx_word' id='word_1_214' title='bbox 574 2932 593 2978; x_wconf 89' lang='lat' dir='ltr'>c</span> <span class='ocrx_word' id='word_1_215' title='bbox 708 2939 711 2944; x_wconf 93' lang='lat'>·</span> <span class='ocrx_word' id='word_1_216' title='bbox 742 2928 860 2980; x_wconf 78' lang='lat' dir='ltr'>aetatem</span> 
     </span>
    </p>
   </div>
   <div class='ocr_carea' id='block_1_2' title="bbox 0 0 1014 3264">
    <p class='ocr_par' dir='ltr' id='par_1_4' title="bbox 0 0 1014 3264">
     <span class='ocr_line' id='line_1_37' title="bbox 0 0 1014 3264; baseline 0 0"><span class='ocrx_word' id='word_1_217' title='bbox 0 0 1014 3264; x_wconf 95' lang='lat' dir='ltr'> </span> 
     </span>
    </p>
   </div>
  </div>
 </body>
</html>
