2032 3274
174 101 210 164 '44
316 123 321 134 ·
362 103 382 151 Α
423 100 448 148 nr
489 100 513 146 nr
550 97 577 146 o
616 99 639 146 τ
680 99 699 146 Α
730 100 752 146 r
784 101 803 146 Α

175 169 256 238 unde
266 169 552 254 &propitiatorium
562 167 732 230 sacrificium
742 167 822 230 tecte
839 163 963 248 dicitur,

173 245 497 338 fiquideutChristisan
539 251 565 312 is
573 268 608 333 pr
650 249 746 312 itiatio
762 247 964 332 estptomun-

176 335 209 399 di
232 335 371 418 peccatis.
405 335 486 396 Acce
511 337 533 396 it
553 353 593 416 qu
660 334 710 416 qui
729 331 888 394 criminum
910 333 964 398 fibi

175 417 283 482 conscii
291 415 365 490 sunt,
376 438 438 481 non
447 417 495 479 nisi
506 419 560 500 per
569 413 773 498 poenitentiam
784 415 855 499 piati
874 435 962 479 acce-

176 499 263 576 dunt,
276 495 548 586 &ficipsamsuarn
559 497 791 642 ¹poenitentiam,
815 499 848 561 &
869 499 965 582 potni-

175 585 273 648 tentiae
283 602 394 667 opera,
435 602 476 648 uae
486 581 556 664 &ip
569 601 596 656 a,
608 581 685 645 ervi
700 577 830 643 sacrificii
840 601 964 666 genera·

176 665 234 740 iis,
255 664 393 730 sacrificia
409 601 473 728 iirnt
494 663 703 749 propitiatoria
723 663 793 728 novi
812 660 986 740 foederis,'

176 749 250 814 Deo
269 747 407 812 offerunt·
430 745 500 810 Nec
519 765 576 830 pro
587 746 715 809 mortuis
733 745 874 829 precandi
884 745 961 824 usus,
1008 759 1009 766 ’

173 851 231 986 gr
250 851 356 906 omnes
368 829 516 896 -Ecclestas
533 829 670 896 Orientis
688 831 854 892 nonminus
870 850 961 913 quam

213 913 357 978 tridentis
366 911 659 1006 receptus7damnari
670 910 773 976 debet.
793 910 962 977 Benedixit

174 995 400 1144 Auffussinusde
409 995 507 1062 uerbis
516 991 650 1078 Apostoli
667 993 802 1058 sermone
822 1013 874 1079 31,
900 995 963 1059 uni·

174 1101 228 1145 ver
241 1100 289 1144 am
309 1081 369 1142 hoe
388 1077 548 1144 observate
568 1075 737 1141 Ecclesiam.
757 1075 881 1159 Nempe
892 1081 961 1162 quia

174 1160 619 1247 premiiqualitas&quantitas
628 1159 763 1224 nondum
775 1158 899 1224 decreta
908 1163 958 1235 est,

175 1245 226 1310 sed
237 1245 413 1310 decernetur
423 1248 454 1308 &
465 1242 706 1328 pronuntiabitur
715 1241 817 1326 judieii
828 1241 880 1304 die
893 1292 901 1316 ‚
914 1265 960 1308 re-
1010 1311 1011 1314 ,

174 1327 222 1394 ue
241 1328 378 1392 fidelibus
398 1325 544 1391 defundiis
562 1327 728 1408 ¹precamur,
750 1323 834 1410 quod
854 1321 962 1391 Paulus
1010 1379 1011 1394 t

174 1412 365 1495 Onefiphoto
377 1431 414 1474 rt
426 1409 510 1476 Tim.
523 1430 552 1484 1,
570 1403 619 1474 18.
640 1405 762 1474 Deinde
783 1409 854 1492 quia
872 1429 959 1473 mota
1010 1421 1011 1424 ’

168 1491 394 1558 resurrectionis
402 1491 513 1576 aliquid
524 1491 554 1553 in
572 1489 601 1553 se
619 1491 710 1574 habet
729 1490 835 1556 animis
894 1512 958 1568 ave,

174 1595 299 1642 oramus
309 1575 411 1640 Deum
422 1592 455 1638 ut
465 1574 530 1638 dies
559 1571 857 1639 lenaebeatitudinisil
871 1595 960 1639 orum

174 1659 237 1724 cito
255 1657 411 1732 adveniat,
430 1593 573 1742 exempio
593 1655 814 1740 Apocalypseos
833 1657 862 1720 in
884 1657 956 1722 fine:
1010 1675 1012 1694 ‘¹

173 1758 316 1827 pretereo
325 1759 358 1803 ut
366 1741 395 1803 in
406 1739 457 1804 illa
467 1760 554 1803 mota
566 1737 650 1804 Deus
658 1740 717 1804 illis
727 1741 870 1824 largiatur
886 1739 962 1805 sola·

173 1827 228 1898 tia,
242 1844 305 1908 quae
314 1823 468 1919 refrigeria
478 1825 510 1886 &
521 1824 656 1886 somnum
668 1825 764 1908 pacis,
789 1819 868 1886 dixit
885 1824 962 1888 anti·

197 1908 279 1971 uitas.
304 1907 353 1970 Ex
364 1905 468 1991 hisqui
479 1905 558 1970 hunc
575 1926 693 1969 rnorem
704 1903 833 1970 Ecclefiae
845 1907 962 1970 univer·

172 1928 240 2056 ielis
248 1988 430 2086 improbant,
443 2009 621 2074 quartorum
633 1987 780 2052 fateantur
788 1988 838 2072 ipsi
848 1989 962 2074 nihilin
1005 2035 1007 2040 -

172 2073 283 2154 qoelum
294 2073 458 2150 intraretui
467 2070 620 2136 adfintillae
629 2071 814 2136 infirmitates
833 2092 897 2154 quae
909 2074 963 2136 hu-

173 2157 270 2230 manis
281 2156 384 2218 animis
394 2157 422 2218 in
432 2155 489 2220 hac
500 2157 561 2218 vita
570 2154 688 2228 adsunt,
710 2153 817 2218 abillis
838 2153 964 2219 infirmi·

171 2239 286 2316 tatibus
304 2238 544 2325 repurgationem
566 2235 618 2300 ubi
636 2237 699 2301 fieri
718 2235 897 2302 existiment.
929 2237 962 2303 Si

171 2321 274 2385 dicant
286 2321 315 2382 in
323 2321 426 2383 itinere
436 2321 538 2383 animae
549 2319 626 2382 inter
645 2337 757 2384 terram
777 2319 962 2404 coriumque,

7 2387 8 2390 Ἴ
102 2463 106 2478 .,
170 2407 234 2488 jam
244 2403 303 2468 hoc
312 2404 368 2468 erit
378 2406 441 2488 ejus
452 2401 672 2490 Purgatoriunr.
691 2403 732 2466 At
741 2422 859 2469 veteres
869 2399 1001 2481 Chri-v

171 2474 252 2551 stiani
262 2508 330 2550 cunt
338 2481 377 2548 de
387 2485 519 2550 fidelium
529 2483 683 2549 animabus
692 2503 760 2548 ante
770 2483 964 2552 resurreetio·

159 2571 217 2646 ¹nis
227 2567 395 2633 universalis
406 2563 523 2652 tenuius
531 2568 743 2652 loquerentur,
766 2587 893 2655 regnare
912 2565 963 2638 ea‘s

172 2651 265 2714 autin
275 2651 386 2715 coelum
396 2651 516 2730 admitti
525 2652 578 2716 virt
587 2650 727 2726 dicebant
743 2650 791 2713 nist
811 2650 852 2712 de
875 2651 962 2716 Mat-

171 2733 300 2814 tutibus,
313 2734 356 2798 ob
366 2756 434 2799 eam
444 2755 533 2818 quam
554 2731 639 2816 supra
657 2735 811 2820 attigimus
832 2733 963 2800 causam.

171 2813 290 2880 Locurn
310 2838 384 2881 vero
404 2819 505 2900 inquo
524 2815 642 2878 interint
654 2815 743 2880 effent
753 2815 881 2880 aliorum
894 2819 963 2902 pio·

172 2916 238 2988 runt
250 2895 620 2975 anirnenondefiniebant,
640 2895 690 2963 sed
711 2897 964 3048 0bs91¹¹efiggiffi

851 3002 887 3046 ca
911 3002 962 3048 ant
