2008 3272
172 91 213 151 {d

172 193 337 289 tettiiquc
356 188 511 280 ordinisj
534 207 572 260 ut
589 192 627 262 δε
646 189 794 262 rationes
814 183 958 258 additis

91 295 93 304 ’
170 290 365 369 ¹rationibus
375 287 575 378 densentur,
603 286 835 380 &multorum
851 311 957 357 con·
998 319 1000 360 ε

176 388 287 463 sensus
308 388 449 460 aliorum
472 403 645 486 expugnet
664 388 953 476 contumaciam,
972 395 1000 438 θ’

174 487 320 560 aliorum
336 509 418 558 vero
427 485 623 557 tarditatem
643 483 831 557 exstimulet
840 519 852 572 3
870 499 954 580 pu·

174 591 320 660 tavi&e
344 608 392 672 o,
415 583 490 682 post
500 581 642 656 multum
654 585 888 668 aetatistritum
909 586 950 656 in

75 716 80 722 ·
174 705 294 758 eorum
318 686 529 782 criptorum,
552 686 612 780 qui
623 705 741 780 pacem
752 705 855 778 quam
876 673 952 750 dis-

174 779 255 854 fidia
265 783 373 880 magis
382 801 517 871 amant,
542 781 713 872 ledione‚
736 795 839 877 quam
860 777 952 852 inde

174 875 313 952 meffem
331 877 415 952 mihi
436 877 609 971 feceram,
634 875 889 978 congerendam
908 881 950 950 in

174 977 249 1050 usus
268 974 495 1076 posterorum.
529 982 669 1054 Etcum
690 983 709 1049 a
732 971 950 1049 Casaubono

174 1073 403 1174 aliisqueviris
423 1081 555 1174 magnis
575 1072 772 1176 cognoffem
793 1073 950 1166 multum

94 1263 96 1268 ,
174 1172 305 1247 laudari
316 1199 392 1248 eum
402 1174 575 1264 libellum,
601 1199 703 1272 quern
723 1193 845 1271 rogaro
862 1171 951 1244 reli·
999 1225 1000 1228 ,

176 1272 435 1373 giofiffimorum
457 1279 704 1374 Imperatorum
735 1269 947 1346 Ferdinandi
998 1303 1000 1368 i

174 1378 214 1442 &
231 1370 455 1444 Maximiliani
475 1368 669 1469 conscripfit
687 1373 739 1442 vir
762 1367 947 1465 piacidiffi·
999 1389 1000 1392 ’

104 1537 106 1540 ,
153 1467 250 1542 'mus
262 1473 432 1570 Georgius
442 1467 634 1548 Caffander,
645 1473 947 1565 optimum'putavi

175 1587 324 1638 nontam
336 1591 461 1637 novum
482 1566 595 1638 moliri
605 1589 715 1663 opus,
733 1572 834 1663 quam
846 1565 890 1636 ad
902 1565 948 1638 il-
999 1631 1000 1634 ,

173 1663 237 1734 lius
257 1689 344 1762 opus
365 1664 570 1737 adminicula
587 1663 739 1764 quaedam
770 1661 945 1742 conferre.

173 1767 261 1834 Non
272 1761 440 1862 displicuit
457 1766 485 1834 is
500 1762 600 1852 labor
616 1768 650 1840 in
672 1761 780 1850 Gallia
793 1817 804 1850 ,
816 1783 886 1833 turn
900 1765 945 1837 iis

172 1865 235 1958 'qui
246 1858 279 1934 se
290 1861 511 1951 catholicos,
537 1881 608 1933 turn
629 1865 669 1932 iis
686 1857 795 1958 quise
813 1857 945 1932 Refor-

174 1979 287 2033 matos
297 1965 413 2031 vocari
423 1960 552 2033 volunt.
578 1957 877 2032 Habuiuaiiunde
889 1963 945 2057 ju·
986 2005 989 2008 -

175 2058 266 2141 dicia
277 2059 435 2131 faventia.
461 2059 517 2131 Ab
530 2063 571 2130 iis
588 2083 670 2134 vero
690 2061 945 2130 concionatori-

174 2155 258 2235 bus,
268 2156 329 2252 qui
340 2161 372 2226 in
383 2162 517 2228 Batavis
528 2163 638 2231 rerum
650 2161 845 2256 potiuntur,
857 2156 943 2228 nihil

173 2251 362 2352 exspectavi
372 2260 687 2360 propitiumneque
700 2260 733 2326 in
741 2255 945 2326 hacrecon·

173 2357 367 2455 jcdiurame
384 2351 518 2427 fefellit.
544 2355 652 2428 statim
673 2358 761 2428 enirn
780 2351 943 2448 'complui-

173 2477 228 2525 res
240 2457 339 2526 inme
360 2447 627 2542 insurrexerunt,
652 2455 807 2552 magnis,
831 2470 868 2519 ut
889 2450 940 2522 ibi

173 2551 250 2624 fieri
269 2549 376 2640 solet,
402 2552 628 2631 clamoribus,
655 2549 746 2649 quafi
766 2547 932 2624 Hannibal
955 2623 961 2644 ‚
998 2591 1000 2598 ,

174 2646 448 2744 adportaseiset.
472 2655 509 2722 ln
532 2651 582 2720 his
604 2675 671 2720 non
697 2647 841 2747 quidem
856 2645 939 2718 lenis

174 2741 239 2814 fuit
256 2743 348 2833 ,sed
361 2751 468 2816 minus
479 2746 573 2845 asper
584 2752 712 2820 caeteris
723 2752 769 2818 D.
783 2746 937 2836 RivetuS,

36 2875 117 2944 ῥ’
174 2843 322 2932 quicum
338 2850 374 2914 &
385 2845 548 2944 dignitate
560 2845 630 2915 aliis
641 2845 808 2932 antestet,
833 2849 864 2916 ci
875 2867 940 2940 po-

174 2935 331 3058 tiffimum
343 2940 547 3042 respondere
558 2947 819 3044 operaepretium
841 2937 933 3111 dupli,
999 2973 1000 3030 j

834 3041 936 3115 &ie
998 3059 1000 3078 ⁴
