<?xml version="1.0" encoding="UTF-8"?>
<!DOCTYPE html PUBLIC "-//W3C//DTD XHTML 1.0 Transitional//EN"
    "http://www.w3.org/TR/xhtml1/DTD/xhtml1-transitional.dtd">
<html xmlns="http://www.w3.org/1999/xhtml" xml:lang="en" lang="en">
 <head>
  <title>
</title>
<meta http-equiv="Content-Type" content="text/html;charset=utf-8" />
  <meta name='ocr-system' content='tesseract 3.04.00' />
  <meta name='ocr-capabilities' content='ocr_page ocr_carea ocr_par ocr_line ocrx_word'/>
</head>
<body>
  <div class='ocr_page' id='page_1' title='image "./viaadpacemeccle00unkngoog_0188.png"; bbox 0 0 2038 3268; ppageno 0'>
   <div class='ocr_carea' id='block_1_1' title="bbox 73 93 745 181">
    <p class='ocr_par' dir='ltr' id='par_1_1' title="bbox 73 93 745 181">
     <span class='ocr_line' id='line_1_1' title="bbox 73 93 745 181; baseline 0.021 -26"><span class='ocrx_word' id='word_1_1' title='bbox 73 148 77 155; x_wconf 92' lang='lat'>.</span> <span class='ocrx_word' id='word_1_2' title='bbox 141 117 194 176; x_wconf 64' lang='lat'>:150</span> <span class='ocrx_word' id='word_1_3' title='bbox 349 93 745 181; x_wconf 58' lang='lat' dir='ltr'>commutato</span> 
     </span>
    </p>
   </div>
   <div class='ocr_carea' id='block_1_2' title="bbox 140 189 939 360">
    <p class='ocr_par' dir='ltr' id='par_1_2' title="bbox 140 189 939 360">
     <span class='ocr_line' id='line_1_2' title="bbox 140 189 939 278; baseline 0.009 -25"><span class='ocrx_word' id='word_1_4' title='bbox 140 189 206 253; x_wconf 90' lang='lat' dir='ltr'>sunt</span> <span class='ocrx_word' id='word_1_5' title='bbox 226 189 390 265; x_wconf 77' lang='lat' dir='ltr'>damonia,</span> <span class='ocrx_word' id='word_1_6' title='bbox 413 191 597 277; x_wconf 84' lang='lat' dir='ltr'>impossibile</span> <span class='ocrx_word' id='word_1_7' title='bbox 615 210 717 256; x_wconf 91' lang='lat' dir='ltr'>tamen</span> <span class='ocrx_word' id='word_1_8' title='bbox 737 189 812 267; x_wconf 81' lang='lat' dir='ltr'>esse,</span> <span class='ocrx_word' id='word_1_9' title='bbox 836 205 870 256; x_wconf 87' lang='lat' dir='ltr'>ut</span> <span class='ocrx_word' id='word_1_10' title='bbox 887 193 939 278; x_wconf 81' lang='lat' dir='ltr'>qui</span> 
     </span>
     <span class='ocr_line' id='line_1_3' title="bbox 143 272 938 360; baseline 0.003 -22"><span class='ocrx_word' id='word_1_11' title='bbox 143 272 248 338; x_wconf 86' lang='lat' dir='ltr'>Deum</span> <span class='ocrx_word' id='word_1_12' title='bbox 260 275 356 346; x_wconf 87' lang='lat' dir='ltr'>novit,</span> <span class='ocrx_word' id='word_1_13' title='bbox 365 275 416 338; x_wconf 88' lang='lat' dir='ltr'>siat</span> <span class='ocrx_word' id='word_1_14' title='bbox 425 275 550 360; x_wconf 79' lang='lat' dir='ltr'>supplex</span> <span class='ocrx_word' id='word_1_15' title='bbox 559 275 656 339; x_wconf 84' lang='lat' dir='ltr'>statuis</span> <span class='ocrx_word' id='word_1_16' title='bbox 667 298 675 340; x_wconf 75' lang='grc' dir='ltr'>ε</span> <span class='ocrx_word' id='word_1_17' title='bbox 688 296 742 340; x_wconf 85' lang='lat' dir='ltr'>nec</span> <span class='ocrx_word' id='word_1_18' title='bbox 753 277 811 339; x_wconf 87' lang='lat' dir='ltr'>hoc</span> <span class='ocrx_word' id='word_1_19' title='bbox 820 293 938 340; x_wconf 81' lang='lat' dir='ltr'>tanturn</span> 
     </span>
    </p>
   </div>
   <div class='ocr_carea' id='block_1_3' title="bbox 141 355 938 503">
    <p class='ocr_par' dir='ltr' id='par_1_3' title="bbox 16 355 938 503">
     <span class='ocr_line' id='line_1_4' title="bbox 141 355 938 503; baseline 0.009 -87.915"><span class='ocrx_word' id='word_1_20' title='bbox 141 355 262 420; x_wconf 83' lang='lat' dir='ltr'>stulruns</span> <span class='ocrx_word' id='word_1_21' title='bbox 273 358 446 503; x_wconf 56' lang='lat' dir='ltr'>effQfiTlis</span> <span class='ocrx_word' id='word_1_22' title='bbox 456 379 561 441; x_wconf 81' lang='lat' dir='ltr'>preces</span> <span class='ocrx_word' id='word_1_23' title='bbox 570 359 751 422; x_wconf 83' lang='lat' dir='ltr'>simulachris</span> <span class='ocrx_word' id='word_1_24' title='bbox 762 358 877 433; x_wconf 88' lang='lat' dir='ltr'>offerat,</span> <span class='ocrx_word' id='word_1_25' title='bbox 886 360 938 424; x_wconf 88' lang='lat' dir='ltr'>sed</span> 
     </span>
    </p>
   </div>
   <div class='ocr_carea' id='block_1_4' title="bbox 142 441 939 530">
    <p class='ocr_par' dir='ltr' id='par_1_4' title="bbox 142 441 939 530">
     <span class='ocr_line' id='line_1_5' title="bbox 142 441 939 530; baseline 0.006 -29"><span class='ocrx_word' id='word_1_26' title='bbox 142 441 234 503; x_wconf 89' lang='lat' dir='ltr'>etiam</span> <span class='ocrx_word' id='word_1_27' title='bbox 246 462 315 506; x_wconf 87' lang='lat' dir='ltr'>cum</span> <span class='ocrx_word' id='word_1_28' title='bbox 326 443 356 505; x_wconf 92' lang='lat' dir='ltr'>id</span> <span class='ocrx_word' id='word_1_29' title='bbox 369 465 385 504; x_wconf 88' lang='lat' dir='ltr'>a</span> <span class='ocrx_word' id='word_1_30' title='bbox 399 444 473 526; x_wconf 85' lang='lat' dir='ltr'>iquis</span> <span class='ocrx_word' id='word_1_31' title='bbox 486 443 601 506; x_wconf 81' lang='lat' dir='ltr'>imulat</span> <span class='ocrx_word' id='word_1_32' title='bbox 617 444 696 530; x_wconf 86' lang='lat' dir='ltr'>vulgi</span> <span class='ocrx_word' id='word_1_33' title='bbox 708 443 899 526; x_wconf 83' lang='lat' dir='ltr'>opinionibus</span> <span class='ocrx_word' id='word_1_34' title='bbox 910 443 939 506; x_wconf 87' lang='lat' dir='ltr'>se</span> 
     </span>
    </p>
   </div>
   <div class='ocr_carea' id='block_1_5' title="bbox 59 525 937 608">
    <p class='ocr_par' dir='ltr' id='par_1_5' title="bbox 59 525 937 608">
     <span class='ocr_line' id='line_1_6' title="bbox 59 525 937 608; baseline 0.006 -22"><span class='ocrx_word' id='word_1_35' title='bbox 59 525 61 530; x_wconf 83' lang='lat'>&#39;</span> <span class='ocrx_word' id='word_1_36' title='bbox 140 539 361 608; x_wconf 87' lang='lat' dir='ltr'>attemperans:</span> <span class='ocrx_word' id='word_1_37' title='bbox 375 526 416 588; x_wconf 93' lang='lat' dir='ltr'>nil</span> <span class='ocrx_word' id='word_1_38' title='bbox 436 529 516 588; x_wconf 91' lang='lat' dir='ltr'>enim</span> <span class='ocrx_word' id='word_1_39' title='bbox 537 527 706 594; x_wconf 86' lang='lat' dir='ltr'>adulterum</span> <span class='ocrx_word' id='word_1_40' title='bbox 728 525 937 606; x_wconf 62' lang='lat' dir='ltr'>debetellein</span> 
     </span>
    </p>
   </div>
   <div class='ocr_carea' id='block_1_6' title="bbox 140 607 939 696">
    <p class='ocr_par' dir='ltr' id='par_1_6' title="bbox 140 607 939 696">
     <span class='ocr_line' id='line_1_7' title="bbox 140 607 939 696; baseline 0.004 -28"><span class='ocrx_word' id='word_1_41' title='bbox 140 607 240 670; x_wconf 84' lang='lat' dir='ltr'>anima</span> <span class='ocrx_word' id='word_1_42' title='bbox 250 610 380 671; x_wconf 88' lang='lat' dir='ltr'>hominis</span> <span class='ocrx_word' id='word_1_43' title='bbox 397 627 467 674; x_wconf 88' lang='lat' dir='ltr'>vere</span> <span class='ocrx_word' id='word_1_44' title='bbox 478 611 517 692; x_wconf 85' lang='lat' dir='ltr'>pii</span> <span class='ocrx_word' id='word_1_45' title='bbox 530 630 602 696; x_wconf 77' lang='lat' dir='ltr'>erga</span> <span class='ocrx_word' id='word_1_46' title='bbox 614 611 727 675; x_wconf 88' lang='lat' dir='ltr'>Deum.</span> <span class='ocrx_word' id='word_1_47' title='bbox 771 607 842 673; x_wconf 88' lang='lat' dir='ltr'>Nos</span> <span class='ocrx_word' id='word_1_48' title='bbox 863 624 939 672; x_wconf 86' lang='lat' dir='ltr'>vero</span> 
     </span>
    </p>
   </div>
   <div class='ocr_carea' id='block_1_7' title="bbox 50 687 939 776">
    <p class='ocr_par' dir='ltr' id='par_1_7' title="bbox 50 687 939 776">
     <span class='ocr_line' id='line_1_8' title="bbox 50 687 939 776; baseline 0.004 -24"><span class='ocrx_word' id='word_1_49' title='bbox 50 699 53 706; x_wconf 88' lang='lat'>&#39;</span> <span class='ocrx_word' id='word_1_50' title='bbox 140 687 215 753; x_wconf 89' lang='lat' dir='ltr'>ideo</span> <span class='ocrx_word' id='word_1_51' title='bbox 233 712 354 776; x_wconf 90' lang='lat' dir='ltr'>quoque</span> <span class='ocrx_word' id='word_1_52' title='bbox 369 712 429 754; x_wconf 91' lang='lat' dir='ltr'>non</span> <span class='ocrx_word' id='word_1_53' title='bbox 449 692 633 757; x_wconf 76' lang='lat' dir='ltr'>honoramus</span> <span class='ocrx_word' id='word_1_54' title='bbox 651 692 845 767; x_wconf 87' lang='lat' dir='ltr'>fimulachra,</span> <span class='ocrx_word' id='word_1_55' title='bbox 867 695 939 776; x_wconf 85' lang='lat' dir='ltr'>quia</span> 
     </span>
    </p>
   </div>
   <div class='ocr_carea' id='block_1_8' title="bbox 125 774 941 2272">
    <p class='ocr_par' dir='ltr' id='par_1_8' title="bbox 125 774 941 2272">
     <span class='ocr_line' id='line_1_9' title="bbox 139 774 939 860; baseline 0.006 -27"><span class='ocrx_word' id='word_1_56' title='bbox 139 792 284 856; x_wconf 89' lang='lat' dir='ltr'>quantum</span> <span class='ocrx_word' id='word_1_57' title='bbox 296 774 447 856; x_wconf 87' lang='lat' dir='ltr'>possumus</span> <span class='ocrx_word' id='word_1_58' title='bbox 459 795 601 840; x_wconf 88' lang='lat' dir='ltr'>cavemus</span> <span class='ocrx_word' id='word_1_59' title='bbox 613 825 622 850; x_wconf 95' lang='lat'>,</span> <span class='ocrx_word' id='word_1_60' title='bbox 646 775 813 860; x_wconf 88' lang='lat' dir='ltr'>nequando</span> <span class='ocrx_word' id='word_1_61' title='bbox 824 775 939 838; x_wconf 88' lang='lat' dir='ltr'>incida·</span> 
     </span>
     <span class='ocr_line' id='line_1_10' title="bbox 134 857 941 934; baseline 0.007 -18"><span class='ocrx_word' id='word_1_62' title='bbox 134 873 209 917; x_wconf 86' lang='lat' dir='ltr'>mus</span> <span class='ocrx_word' id='word_1_63' title='bbox 219 857 248 916; x_wconf 88' lang='lat' dir='ltr'>in</span> <span class='ocrx_word' id='word_1_64' title='bbox 259 877 325 919; x_wconf 86' lang='lat' dir='ltr'>eam</span> <span class='ocrx_word' id='word_1_65' title='bbox 337 858 548 922; x_wconf 89' lang='lat' dir='ltr'>credulitatem</span> <span class='ocrx_word' id='word_1_66' title='bbox 557 859 610 934; x_wconf 87' lang='lat' dir='ltr'>,ut</span> <span class='ocrx_word' id='word_1_67' title='bbox 621 861 653 923; x_wconf 92' lang='lat'>&amp;</span> <span class='ocrx_word' id='word_1_68' title='bbox 667 862 702 924; x_wconf 86' lang='lat' dir='ltr'>iis</span> <span class='ocrx_word' id='word_1_69' title='bbox 712 859 879 923; x_wconf 84' lang='lat' dir='ltr'>tribuamus</span> <span class='ocrx_word' id='word_1_70' title='bbox 889 859 941 922; x_wconf 89' lang='lat' dir='ltr'>di·</span> 
     </span>
     <span class='ocr_line' id='line_1_11' title="bbox 133 938 937 1028; baseline 0.006 -28"><span class='ocrx_word' id='word_1_71' title='bbox 133 938 271 1002; x_wconf 49' lang='lat' dir='ltr'>¹vinitatis</span> <span class='ocrx_word' id='word_1_72' title='bbox 287 940 411 1024; x_wconf 89' lang='lat' dir='ltr'>aliquid.</span> <span class='ocrx_word' id='word_1_73' title='bbox 431 940 503 1005; x_wconf 91' lang='lat' dir='ltr'>Nec</span> <span class='ocrx_word' id='word_1_74' title='bbox 514 942 633 1006; x_wconf 83' lang='lat' dir='ltr'>valebat</span> <span class='ocrx_word' id='word_1_75' title='bbox 643 962 715 1006; x_wconf 91' lang='lat' dir='ltr'>tunc</span> <span class='ocrx_word' id='word_1_76' title='bbox 725 943 775 1006; x_wconf 91' lang='lat' dir='ltr'>illa</span> <span class='ocrx_word' id='word_1_77' title='bbox 785 943 937 1028; x_wconf 72' lang='lat' dir='ltr'>ratioque</span> 
     </span>
     <span class='ocr_line' id='line_1_12' title="bbox 139 1020 938 1099; baseline 0.01 -18"><span class='ocrx_word' id='word_1_78' title='bbox 139 1020 315 1086; x_wconf 72' lang='lat' dir='ltr'>anonnullis</span> <span class='ocrx_word' id='word_1_79' title='bbox 326 1024 453 1092; x_wconf 84' lang='lat' dir='ltr'>obtendi</span> <span class='ocrx_word' id='word_1_80' title='bbox 466 1023 560 1099; x_wconf 87' lang='lat' dir='ltr'>solet,</span> <span class='ocrx_word' id='word_1_81' title='bbox 587 1027 720 1089; x_wconf 85' lang='lat' dir='ltr'>honores</span> <span class='ocrx_word' id='word_1_82' title='bbox 738 1026 808 1089; x_wconf 84' lang='lat' dir='ltr'>istos</span> <span class='ocrx_word' id='word_1_83' title='bbox 828 1046 888 1089; x_wconf 88' lang='lat' dir='ltr'>non</span> <span class='ocrx_word' id='word_1_84' title='bbox 903 1025 938 1088; x_wconf 82' lang='lat' dir='ltr'>si·-</span> 
     </span>
     <span class='ocr_line' id='line_1_13' title="bbox 139 1103 935 1196; baseline 0.01 -32"><span class='ocrx_word' id='word_1_85' title='bbox 139 1103 312 1180; x_wconf 89' lang='lat' dir='ltr'>mulachris‚</span> <span class='ocrx_word' id='word_1_86' title='bbox 322 1106 372 1171; x_wconf 88' lang='lat' dir='ltr'>sed</span> <span class='ocrx_word' id='word_1_87' title='bbox 384 1110 429 1183; x_wconf 90' lang='lat' dir='ltr'>iis,</span> <span class='ocrx_word' id='word_1_88' title='bbox 441 1129 570 1193; x_wconf 91' lang='lat' dir='ltr'>quorum</span> <span class='ocrx_word' id='word_1_89' title='bbox 581 1110 709 1196; x_wconf 88' lang='lat' dir='ltr'>speciem</span> <span class='ocrx_word' id='word_1_90' title='bbox 720 1108 935 1193; x_wconf 68' lang='lat' dir='ltr'>representans,</span> 
     </span>
     <span class='ocr_line' id='line_1_14' title="bbox 138 1185 936 1278; baseline 0.01 -29"><span class='ocrx_word' id='word_1_91' title='bbox 138 1185 253 1251; x_wconf 88' lang='lat' dir='ltr'>deferri</span> <span class='ocrx_word' id='word_1_92' title='bbox 262 1215 269 1250; x_wconf 76' lang='grc' dir='ltr'><strong><em>ε</em></strong></span> <span class='ocrx_word' id='word_1_93' title='bbox 278 1192 327 1256; x_wconf 92' lang='lat' dir='ltr'>hic</span> <span class='ocrx_word' id='word_1_94' title='bbox 336 1193 415 1255; x_wconf 90' lang='lat' dir='ltr'>enim</span> <span class='ocrx_word' id='word_1_95' title='bbox 426 1193 511 1256; x_wconf 86' lang='lat' dir='ltr'>color</span> <span class='ocrx_word' id='word_1_96' title='bbox 523 1196 541 1255; x_wconf 74' lang='lat' dir='ltr'>a</span> <span class='ocrx_word' id='word_1_97' title='bbox 552 1189 678 1278; x_wconf 80' lang='lat' dir='ltr'>Paganis</span> <span class='ocrx_word' id='word_1_98' title='bbox 689 1213 812 1278; x_wconf 85' lang='lat' dir='ltr'>quoque</span> <span class='ocrx_word' id='word_1_99' title='bbox 820 1190 936 1257; x_wconf 83' lang='lat' dir='ltr'>adferri</span> 
     </span>
     <span class='ocr_line' id='line_1_15' title="bbox 134 1269 937 1359; baseline 0.009 -27"><span class='ocrx_word' id='word_1_100' title='bbox 134 1269 274 1348; x_wconf 78' lang='lat' dir='ltr'>solebat,</span> <span class='ocrx_word' id='word_1_101' title='bbox 287 1295 319 1339; x_wconf 89' lang='lat' dir='ltr'>ut</span> <span class='ocrx_word' id='word_1_102' title='bbox 330 1275 409 1359; x_wconf 86' lang='lat' dir='ltr'>apud</span> <span class='ocrx_word' id='word_1_103' title='bbox 418 1275 605 1346; x_wconf 79' lang='lat' dir='ltr'>¹Arnobium:</span> <span class='ocrx_word' id='word_1_104' title='bbox 619 1275 695 1341; x_wconf 91' lang='lat' dir='ltr'>Non</span> <span class='ocrx_word' id='word_1_105' title='bbox 707 1276 866 1358; x_wconf 80' lang='lat' dir='ltr'>(inquiunt)</span> <span class='ocrx_word' id='word_1_106' title='bbox 874 1296 937 1339; x_wconf 86' lang='lat' dir='ltr'>ma·</span> 
     </span>
     <span class='ocr_line' id='line_1_16' title="bbox 138 1357 936 1446; baseline 0.009 -30"><span class='ocrx_word' id='word_1_107' title='bbox 138 1358 231 1418; x_wconf 89' lang='lat' dir='ltr'>terias</span> <span class='ocrx_word' id='word_1_108' title='bbox 240 1359 313 1429; x_wconf 83' lang='lat' dir='ltr'>aris,</span> <span class='ocrx_word' id='word_1_109' title='bbox 323 1361 397 1430; x_wconf 90' lang='lat' dir='ltr'>auti,</span> <span class='ocrx_word' id='word_1_110' title='bbox 409 1361 533 1446; x_wconf 82' lang='lat' dir='ltr'>argenti,</span> <span class='ocrx_word' id='word_1_111' title='bbox 545 1362 577 1421; x_wconf 88' lang='lat'>&amp;</span> <span class='ocrx_word' id='word_1_112' title='bbox 588 1359 677 1432; x_wconf 90' lang='lat' dir='ltr'>alias,</span> <span class='ocrx_word' id='word_1_113' title='bbox 690 1381 729 1421; x_wconf 85' lang='lat' dir='ltr'>ex</span> <span class='ocrx_word' id='word_1_114' title='bbox 741 1357 848 1441; x_wconf 89' lang='lat' dir='ltr'>quibus</span> <span class='ocrx_word' id='word_1_115' title='bbox 857 1358 936 1446; x_wconf 81' lang='lat' dir='ltr'>figna</span> 
     </span>
     <span class='ocr_line' id='line_1_17' title="bbox 137 1439 937 1526; baseline 0.01 -28"><span class='ocrx_word' id='word_1_116' title='bbox 137 1439 322 1513; x_wconf 87' lang='lat' dir='ltr'>conficiunt,</span> <span class='ocrx_word' id='word_1_117' title='bbox 347 1462 401 1502; x_wconf 90' lang='lat' dir='ltr'>eos</span> <span class='ocrx_word' id='word_1_118' title='bbox 411 1442 504 1526; x_wconf 84' lang='lat' dir='ltr'>perse</span> <span class='ocrx_word' id='word_1_119' title='bbox 518 1443 602 1505; x_wconf 90' lang='lat' dir='ltr'>Deos</span> <span class='ocrx_word' id='word_1_120' title='bbox 613 1441 711 1504; x_wconf 83' lang='lat' dir='ltr'>effe&amp;</span> <span class='ocrx_word' id='word_1_121' title='bbox 724 1441 861 1523; x_wconf 79' lang='lat' dir='ltr'>religiosa</span> <span class='ocrx_word' id='word_1_122' title='bbox 882 1465 937 1506; x_wconf 82' lang='lat' dir='ltr'>nu-</span> 
     </span>
     <span class='ocr_line' id='line_1_18' title="bbox 136 1521 936 1608; baseline 0.01 -26"><span class='ocrx_word' id='word_1_123' title='bbox 136 1521 219 1582; x_wconf 88' lang='lat' dir='ltr'>mina</span> <span class='ocrx_word' id='word_1_124' title='bbox 228 1521 422 1585; x_wconf 87' lang='lat' dir='ltr'>discernimus</span> <span class='ocrx_word' id='word_1_125' title='bbox 430 1543 451 1596; x_wconf 66' lang='grc'>,“</span> <span class='ocrx_word' id='word_1_126' title='bbox 464 1523 513 1586; x_wconf 87' lang='lat' dir='ltr'>sed</span> <span class='ocrx_word' id='word_1_127' title='bbox 526 1544 580 1587; x_wconf 91' lang='lat' dir='ltr'>eos</span> <span class='ocrx_word' id='word_1_128' title='bbox 590 1527 620 1587; x_wconf 93' lang='lat' dir='ltr'>in</span> <span class='ocrx_word' id='word_1_129' title='bbox 633 1525 677 1587; x_wconf 89' lang='lat' dir='ltr'>his</span> <span class='ocrx_word' id='word_1_130' title='bbox 686 1523 814 1588; x_wconf 78' lang='lat' dir='ltr'>colimus</span> <span class='ocrx_word' id='word_1_131' title='bbox 822 1522 936 1608; x_wconf 83' lang='lat' dir='ltr'>eosque</span> 
     </span>
     <span class='ocr_line' id='line_1_19' title="bbox 135 1603 933 1690; baseline 0.011 -26"><span class='ocrx_word' id='word_1_132' title='bbox 135 1621 335 1679; x_wconf 83' lang='lat' dir='ltr'>veneramur,</span> <span class='ocrx_word' id='word_1_133' title='bbox 368 1626 425 1668; x_wconf 92' lang='lat' dir='ltr'>uos</span> <span class='ocrx_word' id='word_1_134' title='bbox 434 1605 588 1670; x_wconf 85' lang='lat' dir='ltr'>dedicatio</span> <span class='ocrx_word' id='word_1_135' title='bbox 598 1605 689 1669; x_wconf 88' lang='lat' dir='ltr'>insert</span> <span class='ocrx_word' id='word_1_136' title='bbox 697 1603 791 1668; x_wconf 87' lang='lat' dir='ltr'>sacra:</span> <span class='ocrx_word' id='word_1_137' title='bbox 807 1608 933 1690; x_wconf 87' lang='lat' dir='ltr'>&amp;apud</span> 
     </span>
     <span class='ocr_line' id='line_1_20' title="bbox 136 1683 936 1785; baseline 0.009 -37"><span class='ocrx_word' id='word_1_138' title='bbox 136 1683 347 1773; x_wconf 64' lang='lat' dir='ltr'>basiantiumr</span> <span class='ocrx_word' id='word_1_139' title='bbox 397 1709 438 1751; x_wconf 88' lang='lat' dir='ltr'>on</span> <span class='ocrx_word' id='word_1_140' title='bbox 449 1687 508 1772; x_wconf 90' lang='lat' dir='ltr'>ipsa</span> <span class='ocrx_word' id='word_1_141' title='bbox 517 1690 652 1785; x_wconf 79' lang='lat' dir='ltr'>inquiunt</span> <span class='ocrx_word' id='word_1_142' title='bbox 662 1687 833 1752; x_wconf 85' lang='lat' dir='ltr'>fimulachra</span> <span class='ocrx_word' id='word_1_143' title='bbox 843 1691 936 1755; x_wconf 86' lang='lat' dir='ltr'>time·</span> 
     </span>
     <span class='ocr_line' id='line_1_21' title="bbox 137 1769 933 1859; baseline 0.013 -29"><span class='ocrx_word' id='word_1_144' title='bbox 137 1769 933 1859; x_wconf 76' lang='lat' dir='ltr'>mus,sedeos,adquorumtmaoinemsisla‚&amp;quo·</span> 
     </span>
     <span class='ocr_line' id='line_1_22' title="bbox 136 1852 933 1921; baseline 0.006 -5"><span class='ocrx_word' id='word_1_145' title='bbox 136 1869 205 1916; x_wconf 80' lang='lat' dir='ltr'>rum</span> <span class='ocrx_word' id='word_1_146' title='bbox 226 1852 397 1918; x_wconf 83' lang='lat' dir='ltr'>nominibus</span> <span class='ocrx_word' id='word_1_147' title='bbox 417 1855 588 1920; x_wconf 89' lang='lat' dir='ltr'>consectata</span> <span class='ocrx_word' id='word_1_148' title='bbox 620 1875 682 1920; x_wconf 88' lang='lat' dir='ltr'>unt.</span> <span class='ocrx_word' id='word_1_149' title='bbox 717 1854 832 1920; x_wconf 82' lang='lat' dir='ltr'>Verum</span> <span class='ocrx_word' id='word_1_150' title='bbox 853 1857 933 1921; x_wconf 87' lang='lat' dir='ltr'>hune</span> 
     </span>
     <span class='ocr_line' id='line_1_23' title="bbox 135 1930 933 2028; baseline 0.005 -30"><span class='ocrx_word' id='word_1_151' title='bbox 135 1930 264 2010; x_wconf 82' lang='lat' dir='ltr'>tultum,</span> <span class='ocrx_word' id='word_1_152' title='bbox 273 1941 323 2022; x_wconf 88' lang='lat' dir='ltr'>qui</span> <span class='ocrx_word' id='word_1_153' title='bbox 337 1939 407 2003; x_wconf 90' lang='lat' dir='ltr'>Deo</span> <span class='ocrx_word' id='word_1_154' title='bbox 417 1958 470 2023; x_wconf 89' lang='lat' dir='ltr'>per</span> <span class='ocrx_word' id='word_1_155' title='bbox 479 1941 625 2028; x_wconf 84' lang='lat' dir='ltr'>imagines</span> <span class='ocrx_word' id='word_1_156' title='bbox 635 1938 806 2014; x_wconf 84' lang='lat' dir='ltr'>exhibetur,</span> <span class='ocrx_word' id='word_1_157' title='bbox 818 1960 878 2004; x_wconf 89' lang='lat' dir='ltr'>non</span> <span class='ocrx_word' id='word_1_158' title='bbox 890 1941 933 2026; x_wconf 56' lang='lat' dir='ltr'>saa·</span> 
     </span>
     <span class='ocr_line' id='line_1_24' title="bbox 135 2019 932 2108; baseline 0.009 -27"><span class='ocrx_word' id='word_1_159' title='bbox 135 2021 175 2082; x_wconf 86' lang='lat' dir='ltr'>tis</span> <span class='ocrx_word' id='word_1_160' title='bbox 185 2019 295 2084; x_wconf 81' lang='lat' dir='ltr'>casium</span> <span class='ocrx_word' id='word_1_161' title='bbox 307 2025 338 2084; x_wconf 92' lang='lat'>&amp;</span> <span class='ocrx_word' id='word_1_162' title='bbox 350 2023 577 2087; x_wconf 84' lang='lat' dir='ltr'>convenientem</span> <span class='ocrx_word' id='word_1_163' title='bbox 587 2025 643 2088; x_wconf 85' lang='lat' dir='ltr'>effe</span> <span class='ocrx_word' id='word_1_164' title='bbox 654 2025 736 2097; x_wconf 88' lang='lat' dir='ltr'>De0,</span> <span class='ocrx_word' id='word_1_165' title='bbox 747 2023 796 2087; x_wconf 92' lang='lat' dir='ltr'>sed</span> <span class='ocrx_word' id='word_1_166' title='bbox 806 2026 824 2086; x_wconf 76' lang='lat' dir='ltr'>l</span> <span class='ocrx_word' id='word_1_167' title='bbox 835 2023 932 2108; x_wconf 57' lang='lat' dir='ltr'>siper·</span> 
     </span>
     <span class='ocr_line' id='line_1_25' title="bbox 125 2101 933 2194; baseline 0.002 -26"><span class='ocrx_word' id='word_1_168' title='bbox 125 2101 247 2168; x_wconf 74' lang='lat' dir='ltr'>uitiosis</span> <span class='ocrx_word' id='word_1_169' title='bbox 257 2105 430 2170; x_wconf 88' lang='lat' dir='ltr'>hominibus</span> <span class='ocrx_word' id='word_1_170' title='bbox 440 2111 657 2194; x_wconf 84' lang='lat' dir='ltr'>excogitatum,</span> <span class='ocrx_word' id='word_1_171' title='bbox 669 2129 708 2170; x_wconf 86' lang='lat' dir='ltr'>ex</span> <span class='ocrx_word' id='word_1_172' title='bbox 719 2107 844 2192; x_wconf 84' lang='lat' dir='ltr'>Paganis</span> <span class='ocrx_word' id='word_1_173' title='bbox 854 2128 933 2190; x_wconf 85' lang='lat' dir='ltr'>quo-</span> 
     </span>
     <span class='ocr_line' id='line_1_26' title="bbox 131 2188 931 2272; baseline 0.01 -24"><span class='ocrx_word' id='word_1_174' title='bbox 131 2206 192 2270; x_wconf 90' lang='lat' dir='ltr'>que</span> <span class='ocrx_word' id='word_1_175' title='bbox 208 2188 424 2272; x_wconf 79' lang='lat' dir='ltr'>prudentissimi</span> <span class='ocrx_word' id='word_1_176' title='bbox 441 2191 724 2254; x_wconf 86' lang='lat' dir='ltr'>animadverterunt.</span> <span class='ocrx_word' id='word_1_177' title='bbox 768 2190 931 2256; x_wconf 67' lang='lat' dir='ltr'>annotet}</span> 
     </span>
    </p>
   </div>
   <div class='ocr_carea' id='block_1_9' title="bbox 35 2271 932 2357">
    <p class='ocr_par' dir='ltr' id='par_1_9' title="bbox 35 2271 932 2357">
     <span class='ocr_line' id='line_1_27' title="bbox 35 2271 932 2357; baseline 0.008 -26"><span class='ocrx_word' id='word_1_178' title='bbox 35 2285 39 2293; x_wconf 88' lang='lat'>·</span> <span class='ocrx_word' id='word_1_179' title='bbox 133 2274 215 2336; x_wconf 86' lang='lat' dir='ltr'>euim</span> <span class='ocrx_word' id='word_1_180' title='bbox 223 2271 584 2355; x_wconf 74' lang='lat' dir='ltr'>Augustinus,Varronem</span> <span class='ocrx_word' id='word_1_181' title='bbox 595 2273 707 2346; x_wconf 86' lang='lat' dir='ltr'>dixisle,</span> <span class='ocrx_word' id='word_1_182' title='bbox 717 2273 855 2357; x_wconf 87' lang='lat' dir='ltr'>antiquos</span> <span class='ocrx_word' id='word_1_183' title='bbox 865 2273 932 2353; x_wconf 79' lang='lat' dir='ltr'>Ro-</span> 
     </span>
    </p>
   </div>
   <div class='ocr_carea' id='block_1_10' title="bbox 28 3163 62 3176">
    <p class='ocr_par' dir='ltr' id='par_1_10' title="bbox 28 3163 62 3176">
     <span class='ocr_line' id='line_1_28' title="bbox 28 3163 62 3176; baseline 0 0"><span class='ocrx_word' id='word_1_184' title='bbox 28 3163 62 3176; x_wconf 43' lang='grc' dir='ltr'>μ</span> 
     </span>
    </p>
   </div>
   <div class='ocr_carea' id='block_1_11' title="bbox 134 2353 927 2500">
    <p class='ocr_par' dir='ltr' id='par_1_11' title="bbox 134 2353 927 2500">
     <span class='ocr_line' id='line_1_29' title="bbox 134 2353 927 2500; baseline 0.006 -84"><span class='ocrx_word' id='word_1_185' title='bbox 134 2373 243 2422; x_wconf 89' lang='lat' dir='ltr'>manos</span> <span class='ocrx_word' id='word_1_186' title='bbox 255 2357 406 2443; x_wconf 79' lang='lat' dir='ltr'>plusquam</span> <span class='ocrx_word' id='word_1_187' title='bbox 417 2377 512 2419; x_wconf 88' lang='lat' dir='ltr'>annos</span> <span class='ocrx_word' id='word_1_188' title='bbox 522 2353 662 2428; x_wconf 86' lang='lat' dir='ltr'>centum,</span> <span class='ocrx_word' id='word_1_189' title='bbox 681 2359 713 2418; x_wconf 78' lang='grc' dir='ltr'>δι</span> <span class='ocrx_word' id='word_1_190' title='bbox 725 2356 927 2500; x_wconf 57' lang='lat' dir='ltr'>selsatuaginta,</span> 
     </span>
    </p>
   </div>
   <div class='ocr_carea' id='block_1_12' title="bbox 8 2395 1007 2525">
    <p class='ocr_par' dir='ltr' id='par_1_12' title="bbox 8 2395 1007 2525">
     <span class='ocr_line' id='line_1_30' title="bbox 8 2395 1007 2525; baseline 0.007 -26"><span class='ocrx_word' id='word_1_191' title='bbox 8 2395 30 2458; x_wconf 38' lang='lat'>‘⁶</span> <span class='ocrx_word' id='word_1_192' title='bbox 135 2436 222 2504; x_wconf 91' lang='lat' dir='ltr'>Deos</span> <span class='ocrx_word' id='word_1_193' title='bbox 232 2444 289 2506; x_wconf 83' lang='lat' dir='ltr'>fine</span> <span class='ocrx_word' id='word_1_194' title='bbox 298 2439 475 2505; x_wconf 79' lang='lat' dir='ltr'>simulachro</span> <span class='ocrx_word' id='word_1_195' title='bbox 486 2439 615 2504; x_wconf 78' lang='lat' dir='ltr'>coluisse.</span> <span class='ocrx_word' id='word_1_196' title='bbox 647 2438 743 2515; x_wconf 85' lang='lat' dir='ltr'>Quod</span> <span class='ocrx_word' id='word_1_197' title='bbox 764 2462 792 2511; x_wconf 90' lang='lat'>1,</span> <span class='ocrx_word' id='word_1_198' title='bbox 816 2444 929 2525; x_wconf 79' lang='lat' dir='ltr'>inquit,</span> <span class='ocrx_word' id='word_1_199' title='bbox 990 2437 1007 2522; x_wconf 41' lang='lat' dir='ltr'>&#39;r</span> 
     </span>
    </p>
   </div>
   <div class='ocr_carea' id='block_1_13' title="bbox 91 2517 1007 2597">
    <p class='ocr_par' dir='ltr' id='par_1_13' title="bbox 91 2517 1007 2597">
     <span class='ocr_line' id='line_1_31' title="bbox 91 2517 1007 2597; baseline 0.009 -17"><span class='ocrx_word' id='word_1_200' title='bbox 91 2581 93 2592; x_wconf 76' lang='grc'>,</span> <span class='ocrx_word' id='word_1_201' title='bbox 134 2517 234 2589; x_wconf 85' lang='lat' dir='ltr'>Varro</span> <span class='ocrx_word' id='word_1_202' title='bbox 244 2527 343 2591; x_wconf 82' lang='lat' dir='ltr'>adhuc</span> <span class='ocrx_word' id='word_1_203' title='bbox 354 2523 501 2597; x_wconf 68' lang='lat' dir='ltr'>manfiffm,</span> <span class='ocrx_word' id='word_1_204' title='bbox 515 2521 618 2586; x_wconf 81' lang='lat' dir='ltr'>canius</span> <span class='ocrx_word' id='word_1_205' title='bbox 630 2519 672 2585; x_wconf 90' lang='lat' dir='ltr'>dii</span> <span class='ocrx_word' id='word_1_206' title='bbox 683 2521 929 2590; x_wconf 65' lang='lat' dir='ltr'>observarentur</span> <span class='ocrx_word' id='word_1_207' title='bbox 1005 2529 1007 2548; x_wconf 83' lang='grc'><em>“</em></span> 
     </span>
    </p>
   </div>
   <div class='ocr_carea' id='block_1_14' title="bbox 133 2604 1007 2692">
    <p class='ocr_par' dir='ltr' id='par_1_14' title="bbox 133 2604 1007 2692">
     <span class='ocr_line' id='line_1_32' title="bbox 133 2604 1007 2692; baseline 0.007 -25"><span class='ocrx_word' id='word_1_208' title='bbox 133 2619 223 2686; x_wconf 80' lang='lat' dir='ltr'>atque</span> <span class='ocrx_word' id='word_1_209' title='bbox 232 2612 320 2692; x_wconf 82' lang='lat' dir='ltr'>hujus</span> <span class='ocrx_word' id='word_1_210' title='bbox 331 2610 384 2674; x_wconf 85' lang='lat' dir='ltr'>suae</span> <span class='ocrx_word' id='word_1_211' title='bbox 395 2605 540 2671; x_wconf 86' lang='lat' dir='ltr'>sententiae</span> <span class='ocrx_word' id='word_1_212' title='bbox 561 2607 665 2669; x_wconf 84' lang='lat' dir='ltr'>testem</span> <span class='ocrx_word' id='word_1_213' title='bbox 675 2604 841 2668; x_wconf 89' lang='lat' dir='ltr'>adhibebat</span> <span class='ocrx_word' id='word_1_214' title='bbox 850 2608 930 2672; x_wconf 87' lang='lat' dir='ltr'>inter</span> <span class='ocrx_word' id='word_1_215' title='bbox 1006 2637 1007 2640; x_wconf 42' lang='lat'>¹</span> 
     </span>
    </p>
   </div>
   <div class='ocr_carea' id='block_1_15' title="bbox 121 2686 929 2777">
    <p class='ocr_par' dir='ltr' id='par_1_15' title="bbox 121 2686 929 2777">
     <span class='ocr_line' id='line_1_33' title="bbox 121 2686 929 2777; baseline 0.01 -29"><span class='ocrx_word' id='word_1_216' title='bbox 121 2687 265 2772; x_wconf 79' lang='lat' dir='ltr'>reliquos</span> <span class='ocrx_word' id='word_1_217' title='bbox 276 2694 367 2771; x_wconf 89' lang='lat' dir='ltr'>etiam</span> <span class='ocrx_word' id='word_1_218' title='bbox 379 2711 499 2777; x_wconf 83' lang='lat' dir='ltr'>gentem</span> <span class='ocrx_word' id='word_1_219' title='bbox 509 2689 672 2753; x_wconf 88' lang='lat' dir='ltr'>iudaicam.</span> <span class='ocrx_word' id='word_1_220' title='bbox 691 2686 929 2756; x_wconf 87' lang='lat' dir='ltr'>Hancveterurn</span> 
     </span>
    </p>
   </div>
   <div class='ocr_carea' id='block_1_16' title="bbox 131 2763 984 2848">
    <p class='ocr_par' dir='ltr' id='par_1_16' title="bbox 131 2763 984 2848">
     <span class='ocr_line' id='line_1_34' title="bbox 131 2763 984 2848; baseline 0.007 -16"><span class='ocrx_word' id='word_1_221' title='bbox 131 2763 346 2838; x_wconf 79' lang='lat' dir='ltr'>Romanorum</span> <span class='ocrx_word' id='word_1_222' title='bbox 356 2777 385 2838; x_wconf 93' lang='lat' dir='ltr'>in</span> <span class='ocrx_word' id='word_1_223' title='bbox 395 2773 531 2838; x_wconf 81' lang='lat' dir='ltr'>colendis</span> <span class='ocrx_word' id='word_1_224' title='bbox 540 2772 597 2835; x_wconf 90' lang='lat' dir='ltr'>diis</span> <span class='ocrx_word' id='word_1_225' title='bbox 607 2771 928 2848; x_wconf 82' lang='lat' dir='ltr'>consuetudinem,et-</span> <span class='ocrx_word' id='word_1_226' title='bbox 976 2785 984 2830; x_wconf 86' lang='lat'>·.</span> 
     </span>
    </p>
   </div>
   <div class='ocr_carea' id='block_1_17' title="bbox 64 2848 929 2926">
    <p class='ocr_par' dir='ltr' id='par_1_17' title="bbox 64 2848 929 2926">
     <span class='ocr_line' id='line_1_35' title="bbox 64 2848 929 2926; baseline 0.013 -17"><span class='ocrx_word' id='word_1_227' title='bbox 64 2879 66 2887; x_wconf 40' lang='lat' dir='ltr'><em>s</em></span> <span class='ocrx_word' id='word_1_228' title='bbox 130 2848 193 2914; x_wconf 86' lang='lat' dir='ltr'>iam</span> <span class='ocrx_word' id='word_1_229' title='bbox 205 2856 450 2920; x_wconf 81' lang='lat' dir='ltr'>Tertullianus&amp;</span> <span class='ocrx_word' id='word_1_230' title='bbox 462 2856 608 2921; x_wconf 86' lang='lat' dir='ltr'>Clemens</span> <span class='ocrx_word' id='word_1_231' title='bbox 616 2854 767 2926; x_wconf 88' lang='lat' dir='ltr'>testantur,</span> <span class='ocrx_word' id='word_1_232' title='bbox 780 2851 929 2920; x_wconf 87' lang='lat' dir='ltr'>Clemens</span> 
     </span>
    </p>
   </div>
   <div class='ocr_carea' id='block_1_18' title="bbox 64 3189 92 3233">
    <p class='ocr_par' dir='ltr' id='par_1_18' title="bbox 64 3189 92 3233">
     <span class='ocr_line' id='line_1_36' title="bbox 64 3189 92 3233; baseline 0 0"><span class='ocrx_word' id='word_1_233' title='bbox 64 3189 92 3233; x_wconf 67' lang='lat' dir='ltr'>k</span> 
     </span>
    </p>
   </div>
   <div class='ocr_carea' id='block_1_19' title="bbox 132 2937 1005 3110">
    <p class='ocr_par' dir='ltr' id='par_1_19' title="bbox 132 2937 1005 3110">
     <span class='ocr_line' id='line_1_37' title="bbox 132 2937 925 3086; baseline 0.005 -86"><span class='ocrx_word' id='word_1_234' title='bbox 132 2952 209 3036; x_wconf 72' lang='lat' dir='ltr'>uero</span> <span class='ocrx_word' id='word_1_235' title='bbox 226 2937 327 3004; x_wconf 83' lang='lat' dir='ltr'>scribit</span> <span class='ocrx_word' id='word_1_236' title='bbox 347 2965 354 3000; x_wconf 74' lang='grc' dir='ltr'>ι</span> <span class='ocrx_word' id='word_1_237' title='bbox 376 2939 515 3036; x_wconf 83' lang='lat' dir='ltr'>Numam</span> <span class='ocrx_word' id='word_1_238' title='bbox 534 2940 689 3006; x_wconf 60' lang='lat' dir='ltr'>aussorem</span> <span class='ocrx_word' id='word_1_239' title='bbox 705 2938 792 3022; x_wconf 81' lang='lat' dir='ltr'>hujus</span> <span class='ocrx_word' id='word_1_240' title='bbox 801 2937 925 3086; x_wconf 51' lang='lat' dir='ltr'>iistibm</span> 
     </span>
     <span class='ocr_line' id='line_1_38' title="bbox 139 3043 1005 3110; baseline 0.01 -9"><span class='ocrx_word' id='word_1_241' title='bbox 139 3052 141 3058; x_wconf 86' lang='lat'>·</span> <span class='ocrx_word' id='word_1_242' title='bbox 175 3049 191 3063; x_wconf 78' lang='lat'>‘¹</span> <span class='ocrx_word' id='word_1_243' title='bbox 835 3043 853 3106; x_wconf 87' lang='lat' dir='ltr'>l</span> <span class='ocrx_word' id='word_1_244' title='bbox 891 3043 924 3108; x_wconf 46' lang='grc' dir='ltr'>ἢ</span> <span class='ocrx_word' id='word_1_245' title='bbox 1004 3107 1005 3110; x_wconf 74' lang='grc'>,</span> 
     </span>
    </p>
   </div>
   <div class='ocr_carea' id='block_1_20' title="bbox 0 0 1024 3268">
    <p class='ocr_par' dir='ltr' id='par_1_20' title="bbox 0 0 1024 3268">
     <span class='ocr_line' id='line_1_39' title="bbox 0 0 1024 3268; baseline 0 2"><span class='ocrx_word' id='word_1_246' title='bbox 0 0 1024 3268; x_wconf 95' lang='lat' dir='ltr'> </span> 
     </span>
    </p>
   </div>
  </div>
 </body>
</html>
